<?xml version="1.0" encoding="UTF-8"?><collection xmlns="http://www.loc.gov/MARC21/slim"><record><leader>00423nam--2200133-i-4500</leader><controlfield tag="001">000046794</controlfield><controlfield tag="002">20161230</controlfield><controlfield tag="005">20161230201046</controlfield><controlfield tag="008">060222s1000------------r-----000-0-eng-d</controlfield><datafield ind1=" " ind2=" " tag="080"><subfield code="a">621.7.07:678.01(043)</subfield></datafield><datafield ind1=" " ind2=" " tag="100"><subfield code="a">Voica,Ioan</subfield></datafield><datafield ind1=" " ind2=" " tag="245"><subfield code="a">Efectul particularitatilor materialelor plastice indeosebi a modului de elasticitate redus asupra comportarii....rezumatul tezei</subfield></datafield><datafield ind1=" " ind2=" " tag="260"><subfield code="a">Bucuresti, Ipb, 1979. 26 P</subfield></datafield><datafield ind1=" " ind2=" " tag="852"><subfield code="a">49003</subfield></datafield></record></collection>